@Book{BCP89,
  title = {Numerical Solution of Initial-Value Problems in
  Differential-Algebraic Equations},
  author = {K. E. Brenan and S. L. Campbell and L. R. Petzold},
  year = {1989},
  publisher = {Elsevier Science Publishing Co., Inc., New York}
}

@Article{PhysRevE.60.7186,
  title = {Phase-field model for binary alloys},
  author = {Kim, Seong Gyoon and Kim, Won Tae and Suzuki, Toshio },
  journal = {Phys. Rev. E},
  volume = {60},
  number = {6},
  pages = {7186--7197},
  numpages = {11},
  year = {1999},
  month = {Dec},
  doi = {10.1103/PhysRevE.60.7186},
  publisher = {American Physical Society}
}

@Article{PhysRevA.45.7424,
  title = {Phase-field model for isothermal phase transitions in binary alloys},
  author = {A. A. Wheeler and W. J. Boettinger and G. B. McFadden},
  journal = {Phys. Rev. A},
  volume = {45},
  number = {10},
  pages = {7424--7439},
  numpages = {15},
  year = {1992},
  month = {May},
  doi = {10.1103/PhysRevA.45.7424},
  publisher = {American Physical Society}
}

@Article{HuBaskesStanMitchell07,
  title = {Phase-field modeling of coring structure evolution in {Pu–Ga} alloys},
  author = {S.Y. Hu and M. Baskes and M. Stan and J. Mitchell},
  journal = {Acta Materialia},
  volume = {55},
  number = {11},
  year = {2007},
  pages = {3641--3648}
}

@article{0295-5075-71-1-131,
  author={T. Pusztai and G. Bortel and L. Gr\'{a}n\'{a}sy},
  title={Phase field theory of polycrystalline solidification in three dimensions},
  journal={EPL (Europhysics Letters)},
  volume={71},
  number={1},
  pages={131-137},
  year={2005}
}

@article{Eich1993,
  author={E. Eich},
  title={Convergence results for a coordinate projection method
  applied to mechanical systems with algebraic constraints},
  journal={SIAM J. Numer. Anal.},
  volume={30},
  number={5},
  pages={1467-1482},
  year={1993}
}

@article{Warren2003Extending,
  author = {Warren, James  A. and Kobayashi, Ryo and Lobkovsky, Alexander E. and Carter, W. Craig},
  citeulike-article-id = {2399058},
  doi = {10.1016/S1359-6454(03)00388-4},
  journal = {Acta Materialia},
  month = {December},
  number = {20},
  pages = {6035--6058},
  title = {Extending phase field models of solidification to polycrystalline materials},
  url = {\url{http://dx.doi.org/10.1016/S1359-6454(03)00388-4}},
  volume = {51},
  year = {2003}
}

@Misc{Hypre,
  note =	 {\url{https://computation.llnl.gov/casc/hypre/software.html}}
}

@Misc{Sundials,
  note =	 {\url{https://computation.llnl.gov/casc/sundials/main.html}}
}

@Misc{SAMRAI,
  note =	 {\url{https://computation.llnl.gov/casc/SAMRAI}}
}

@Article{Chan99,
  title = {A nonlinear primal-dual method for total variation-based
  image restoration},
  author = {T. F. Chan and G. H. Golub and Pep Mulet},
  journal = {SIAM J. Sci. Comput.},
  volume = {20},
  number = {6},
  pages = {1964--1977},
  year = {1999}
}

@Article{Vogel96,
  title = {Iterative methods for total variation denoising},
  author = {C. R. Vogel and M. E. Oman},
  journal = {SIAM J. Sci. Comput.},
  volume = {17},
  pages = {227--238},
  year = {1996}
}

@Article{KoGi99,
  title = {Equations with Singular Diffusivity},
  author = {R. Kobayashi and Y. Giga},
  journal = {J. Stat. Phys.},
  volume = {95},
  number = {5/6},
  pages = {1187--1220},
  year = {1999}
}

@TechnicalReport{GiGi98,
  title = {Very singular diffusion equations},
  author = {M.-H. Giga and Y. Giga and R. Kobayashi},
  institution = {Hokkaido Univ. Preprint Ser. in Math., #461},
  date = {1999}
}

@Article{Wade71,
  author={W. Z. Wade}, 
  title={The self-diffusion of plutonium in a {Pu/1 wt\% Ga} alloy}, 
  journal = {Journal of Nuclear Materials},
  volume =38, 
  number= 3, 
  year=1971, 
  pages ={292--302}
}

@Article{Edwards68,
  author={G. R. Edwards and R. E. Tate and E. A. Hakkila}, 
  title={Diffusion in stabilized delta plutonium, {I. Gallium}}, 
  journal={Journal of Nuclear Materials},
  volume =25, 
  number= 3, 
  year= 1968, 
  pages ={304--309}
}

@Article{Hornung2006,
  title = {Managing complex data and geometry in parallel structured {AMR} applications},
  author = {R. D. Hornung and A. M. Wissink and S. R. Kohn},
  journal = {Engineering with Computers},
  volume = {22},
  number = {3--4},
  pages = {181--195},
  numpages = {15},
  year = {2006},
  month = {Dec},
  doi = {10.1007/s00366-006-0038-6},
  publisher = {Springer London}
}

@Article{Leo1998,
  title = {A diffuse interface model for microstructural evolution in elastically stressed solids},
  author = {P. H. Leo and J. S. Lowengrub and H. J. Jou},
  journal = {Acta Materialia},
  volume = {46},
  number = {6},
  pages = {2113--2130},
  year = {1998},
  doi = {1359-6454/98},
  publisher = {Elsevier Science Ltd.}
}

@Book{Allen87,
  author =	 {M.P. Allen and D.J. Tildesley},
  title = 	 {Computer Simulation of Liquids},
  publisher = 	 {Clarendon Press},
  year = 	 1987,
  address =	 {Oxford}
}

@Article{Parrinello80,
  title = {Crystal Structure and Pair Potentials: A Molecular Dynamics Study},
  author = {M. Parrinello and A. Rahman},
  journal = {Phys. Rev. Lett.},
  volume = {45},
  pages = {1196},
  year = {1980}
}

@Article{Muller07,
  title = {Analytic bond-order potential for bcc and fcc
  iron---comparison with established embedded-atom method potentials},
  author = {M. Muller and P. Erhart and K. Albe},
  journal = {J. Phys.: Condens. Matter},
  volume = {19},
  pages = {326220},
  year = {2007}
}

@Article{Amat07,
  title = {Coarse molecular dynamics determination of the onset of structural transitions: Melting of crystalline solids},
  author = {M.A. Amat and I.G. Kevrekidis and Dimitrios Maroudas},
  journal = {Phys. Rev. B},
  volume = {74},
  pages = {132201},
  year = {2007}
}

@Article{Khachaturyan01,
  title = {Three-dimensional phase field model of proper martensitic transformation},
  author = {A. Artemev and Y. Jin and A.G. Khachaturyan},
  journal = {Acta Mater.},
  volume = {49},
  pages = {1165--1177},
  year = {2001}
}

@Article{Lusk99,
  title = {A phase-field paradigm for grain growth and recrystallization},
  author = {M. T. Lusk},
  journal = {Proc. R. Soc. Lond. A},
  volume = {455},
  pages = {677--700},
  year = {1999}
}

@Article{Bray94,
  title = {Theory of phase-ordering kinetics},
  author = {A. J. Bray},
  journal = {Adv. Phys.},
  volume = {43},
  pages = {357--459},
  year = {1994}
}

@Article{Hohenberg77,
  title = {Theory of dynamic critical phenomena},
  author = {P. C. Hohenberg and B. I. Halperin},
  journal = {Rev. Mod. Phys.},
  volume = {49},
  pages = {435--479},
  year = {1977}
}

@InCollection{Gunton83,
	author = {J. D. Gunton and M. San Miguel and P. S. Sahni},
	title = {The dynamics of first-order phase transitions},
	booktitle = {Phase Transitions Vol. 8},
	editor = {C. Domb and J. L. Lebowitz},
	year = {1983},
	pages = {267--466},
	publisher = {Academic Press},
	address = {New York},
}

@InCollection{Langer86,
	author = {J. S. Langer},
	title = {Models of pattern formation in first-order phase transitions},
	booktitle = {Models of pattern formation in first-order phase transitions},
	editor = {G. Grinsteirn and G. Mazenko},
	year = {1986},
	pages = {165--186},
	publisher = {World Scientific},
	address = {Singapore},
}

@Article{Boettinger02,
  title = {Phase-field simulation of solidification},
  author = {W. J. Boettinger and J. A. Warren and C. Beckermann and A. Karma},
  journal = {Annu. Rev. Mater. Res.},
  volume = {32},
  pages = {163--194},
  year = {2002}
}

@Article{Ginzburg54,
  title = {On the theory of superconductivity},
  author = {V. L. Ginzburg and L. D. Landau},
  journal = {Dokl. Akad. Nauk SSSR},
  volume = {469},
  pages = {469},
  year = {1954}
}

@Article{Chen02,
  title = {Phase-field models for microstructure evolution},
  author = {L.-Q. Chen},
  journal = {Ann. Rev. Mater. Res.},
  volume = {32},
  pages = {113--140},
  year = {2002}
}

@Article{CahnHilliard58,
  title = {Free energy of a nonuniform system. I. {I}nterfacial energy},
  author = {J. W. Cahn and J. E. Hilliard},
  journal = {J. Chem. Phys.},
  volume = {28},
  number = {2},
  pages = {258--267},
  year = {1958}
}

@Article{AllenCahn79,
  title = {A microscopic theory for antiphase boundary motion and its
  application to antiphase domain coarsening},
  author = {S. M. Allen and J. W. Cahn},
  journal = {Acta Metallurgica.},
  volume = {27},
  pages = {1085--1095},
  year = {1979}
}

@Article{Hoyt99,
  title = {Kinetic phase field parameters for the Cu-Ni system derived
  from atomistic computations},
  author = {J. J. Hoyt and B. Sadigh and M. Asta and S. M. Foiles},
  journal = {Acta Mater.},
  volume = {47},
  number = {11},
  pages = {3181--3187},
  year = {1999}
}

@article{KeGeHyKeRuTh03,
  author={I. G. Kevrekidis and C. W. Gear and J. M. Hyman and
  P. G. Kevrikidis and O. Runborg and K. Theodoropoulos},
  title={Equation-Free Coarse-Grained Multiscale Computation: Enabling
  Microscopic Simulators to Perform System-Level Tasks},
  journal={Comm. Math. Sciences},
  volume={1},
  number={4},
  pages={715-},
  year={2003}
}


@article{KeGeHu04,
  author={I. G. Kevrekidis and C. W. Gear and G. Hummer},
  title={Equation-Free: The Computer-Aided Analysis of Complex Multiscale Systems},
  journal={AIChI Journal},
  volume={50},
  number={7},
  pages={1346-1355},
  year={2004}
}

@Misc{BlueGene,
  note =	 {\url{asc.llnl.gov/computing\_resources/bluegenel/}}
}

@Article{ber-bar-kna-08a,
  author = 	 {Joel V. Bernier and Nathan R. Barton and Jaroslaw Knap},
  title = 	 {Polycrystal plasticity based predictions of strain localization in metal forming},
  journal = 	 jemt,
  year = 	 2008,
  volume =	 130,
  number =	 2,
  pages =	 021020,
  url = 	 {\url{http://link.aip.org/link/?JYT/130/021020}},
  annote =	 {DOI: 10.1115/1.2884331
UCRL-JRNL-233796
}
}

@Article{pppf_ijp,
  author = 	 {Nathan R. Barton and Jaroslaw Knap and Athanasios Arsenlis and Richard Becker and Richard D. Hornung and David R. Jefferson},
  title = 	 {Embedded polycrystal plasticity and adaptive sampling},
  journal = 	 ijp,
  year =	 2008,
  volume =	 24,
  number =	 2,
  pages =	 {242-266},
  url =          {\urlhttp://dx.doi.org/10.1016/j.ijplas.2007.03.004}},
  annote =       {UCRL-JRNL-226715}
}

@Article{mkri,
  author = 	 {J. Knap and N. R. Barton and R. D. Hornung and A. Arsenlis and R. Becker and D. R. Jefferson},
  title = 	 {Adaptive sampling in hierarchical simulation},
  journal = 	 ijnme,
  year = 	 2008,
  note =	 {In press}
}

@Article{cmame_ISAT,
  author = 	 {A. Arsenlis and N. R. Barton and R. Becker and R. E. Rudd},
  title = 	 {Generalized \textit{in situ} adaptive tabulation for constitutive model evaluation in plasticity},
  journal = 	 cmame,
  year = 	 2006,
  volume =	 196,
  pages =	 {1--13},
  url = {\url{http://dx.doi.org/10.1016/j.cma.2005.10.031}}
}

@Article{pop-97a,
  author = 	 {S. B. Pope},
  title = 	 {Computationally efficient implementation of combustion chemistry using {\em in situ} adaptive tabulation},
  journal = 	 ctm,
  year = 	 1997,
  volume =	 1,
  pages =	 {41--63}
}

@Article{sin-pop-04a,
  author = 	 {M. A. Singer and S. B. Pope},
  title = 	 {Exploiting {ISAT} to solve the reaction-diffusion equation},
  journal = 	 ctm,
  year = 	 2004,
  volume =	 8,
  number =	 2,
  pages =	 {361--383}
}

@Misc{oascr_pimtg_2008,
  author =	 {N. R. Barton},
  title =	 {Novel Algorithms in Computational Materials Science: {Enabling} Adaptive Sampling},
  howpublished = {Presented at the ASCR PI Meeting, US DOE Office of Science HPCSW},
  month =	 apr,
  year =	 2008
}

@TechReport{babel_usersguide,
  author = 	 {Tamara Dahlgren and Thomas Epperly and Gary Kumfert and James Leek},
  title = 	 {Babel Users' Guide},
  institution =  {Lawrence Livermore National Laboratory},
  year = 	 2006,
  number =	 {UCRL-SM-205559},
  url    =       {\url{http://www.llnl.gov/CASC/components/docs.html}}
}

@TechReport{Hoyt2001,
  author = 	 {J. J. Hoyt and M. Asta and A. Karma},
  title = 	 {Linking atomistic simulations with phase field
  modeling of solidification},
  institution =  {Sandia National Laboratories},
  year = 	 2001,
  number =	 {SAND2001-3626},
  url    =       {\url{http://www.osti.gov/bridge/purl.cover.jsp?purl=/791896-DbwkgP/native/}}
}

@article{babel_scidac-06a,
  author = {Gary Kumfert and David E. Bernholdt and Thomas Epperly and James Kohl and Lois Curfman McInnes and Steven Parker and Jaideep Ray},
  title={How the common component architecture advances computational science},
  journal={Journal of Physics: Conference Series},
  volume={46},
  pages={479-493},
  url={\url{http://stacks.iop.org/1742-6596/46/479}},
  year={2006},
  abstract={Computational chemists are using Common Component Architecture (CCA) technology to increase the parallel scalability of their application ten-fold. Combustion researchers are publishing science faster because the CCA manages software complexity for them. Both the solver and meshing communities in SciDAC are converging on community interface standards as a direct response to the novel level of interoperability that CCA presents. Yet, there is much more to do before component technology becomes mainstream computational science. This paper highlights the impact that the CCA has made on scientific applications, conveys some lessons learned from five years of the SciDAC program, and previews where applications could go with the additional capabilities that the CCA has planned for SciDAC 2. }
}

@InProceedings{kum-lee-epp-07a,
  author = 	 {G. Kumfert and J. Leek and T. Epperly},
  title = 	 {Babel remote method invocation},
  booktitle =	 {IEEE Int. Parallel and Distributed Processing Symp.},
  year =	 2007,
  month =	 {March}
}

@Book{wackernagel98,
  author =	 {Wackernagel, H.},
  title = 	 {Multivariate Geostatistics; An Introduction with Applications},
  publisher = 	 {Springer},
  year = 	 1998,
  address =	 {Berlin},
  edition =	 {2nd Edition}
}

@Book{isaaks89,
  author =	 {Isaaks, E. and Srivastava, R.~M.},
  title = 	 {An Introduction to Applied Geostatistics},
  publisher = 	 {Oxford University Press},
  year = 	 1989,
  address =	 {New York}
}

@Article{sacks89,
  author = 	 {Sacks, J. and Welch, W.~J. and Mitchell, T.~J. and Wynn, H.~P.},
  title = 	 {Design and Analysis of Computer Experiments},
  journal = 	 statsci,
  year = 	 1989,
  volume =	 4,
  number =	 4,
  pages =	 {409--423}
}

@Article{morris93,
  author = 	 {Morris, M.~D. and Mitchell, T.~J. and Ylvisaker, D.},
  title = 	 {Bayesian Design and Analysis of Computer Experiments: Use of Derivatives in Surface prediction},
  journal = 	 techmet,
  year = 	 1993,
  volume =	 35,
  number =	 3,
  pages =	 {243--255}
}

@InProceedings{chung02,
  author = 	 {Chung, H.~S. and Alonso, J.~J.},
  title = 	 {Using Gradients to Construct Cokriging Approximation Models for High-Dimensional Design Optimization Problems},
  booktitle = 	 {AIAA 40th Aerospace Sciences Meeting and Exhibit},
  year =	 2002,
  address =	 {Reno, NV},
  month =	 {January 14-17,}
}

@Article{yang05,
  author = 	 {Yang, R.~J. and Wang, N. and Tho, C.~H. and Bobineau, J.~P.},
  title = 	 {Metamodeling development for vehicle frontal impact simulation},
  journal = 	 {ASME~J.~Mech.~Des. },
  year = 	 2005,
  volume =	 127,
  number =	 5,
  pages =	 {1014--1020}
}

@Article{ver93,
  author = 	 {Ver Hoef, J.~M. and Cressie, N.~A.~C.},
  title = 	 {Multivariable spatial prediction},
  journal = 	 {Math. Geology},
  year = 	 1993,
  volume =	 25,
  number =	 2,
  pages =	 {219--240}
}

@Book{cressie93,
  author =	 {Cressie, N.~A.~C.},
  title = 	 {Statistics for Spatial Data},
  publisher = 	 {Wiley},
  year = 	 1993,
  address =	 {New York},
  edition =	 {Revised}
}

@Article{gu03,
  author = 	 {Gu, L.},
  title = 	 {Moving kriging interpolation and element-free Galerkin methods},
  journal = 	 ijnme,
  year = 	 2003,
  volume =	 56,
  number =	 1,
  pages =	 {1--11}
}

@Book{bojanov93,
  author =	 {Bojanov, B.~D. and Hakopian, H.~A. and Saakian, A.~A},
  title = 	 {Spline Functions and Multivariate Interpolations},
  publisher = 	 {Kluwer Academic Publishers},
  year = 	 1993,
  address =      {Dordrecht},
  month =	 {May}
}

@InCollection{alfeld89,
 author = {Alfeld, P.},
 title = {Scattered data interpolation in three or more variables},
 booktitle = {Mathematical methods in computer aided geometric design},
 year = {1989},
 isbn = {0-12-460515-X},
 pages = {1--33},
 publisher = {Academic Press Professional, Inc.},
 address = {San Diego, CA, USA},
 }


@Article{gasca00a,
  author = 	 {Gasca, M. and Sauer, T.},
  title = 	 {On the history of multivariate polynomial interpolation},
  journal = 	 j-comp-ap-m,
  year = 	 {2000},
  volume =	 {122},
  number =       {1--2},
  pages =	 {23--35}
}


@Article{gasca00b,
  author = 	 {Gasca, M. and Sauer, T.},
  title = 	 {Polynomial interpolation in several variables},
  journal = 	 acm,
  year = 	 2000,
  volume =	 12,
  number =	 4,
  pages =	 {377--410}
}

@article {Gaede98,
   author  = "V. Gaede and O. Gunther",
   title   = "Multidimensional Access Methods",
   journal = "ACM Computing Surveys",
   volume  = 30,
   number  = 2,
   year    = 1998,
   pages   = "170--231"
}
                                                                                
@article {Bohm01,
   author  = "C. Bohm and S. Berchtold and D. Keim",
   title   = "Searching in High-Dimensional Spaces -- Index Structures for Improving the Performance of Multimedia Databases",
   journal = "ACM Computing Surveys",
   volume  = 33,
   number  = 3,
   year    = 2001,
   pages   = "322--373"
}
                                                                                
@article {Streitz2006,
   author  = "F. H. Streitz and J. N. Glosli and M. V. Patel",
   title   = "Beyond finite-size scaling in solidification simulations",
   journal = "Phys. Rev. Letters",
   volume  = 96,
   number  = 22,
   year    = 2006,
   pages   = "225701/1-4",
   publisher = "American Physical Society"
}
                                                                                
@InProceedings{Streitz2005,
  author = 	 {F. H. Streitz and J. N. Glosli and M. V. Patel and B. Chan and R. K. Yates and B.R. de Supinski and J. Sexton and J. A. Gunnels},
  title = 	 {100+ TFlop Solidification Simulations on BlueGene/L},
  booktitle =	 {Proceeding of the 2005 ACM/IEEE Conference on Supercomputing},
  year =	 2005
}

@InProceedings{Streitz2007,
  author = 	 {J. N. Glosli and K. J. Caspersen and J. A. Gunnels
  and D. F. Richards and R. E. Rudd and F. H. Streitz},
  title = 	 {Extending Stability Beyond CPU Millennium: A
  Micron-Scale Atomistic Simulation of Kelvin-Helmholtz Instability},
  booktitle =	 {Proceeding of the 2007 ACM/IEEE Conference on Supercomputing},
  year =	 2007
}

@InProceedings{Frenkel86,
  author = 	 {D. Frenkel},
  title = 	 {Free-Energy Computation and First-Order Phase Transitions},
  booktitle =	 {Molecular-Dynamics Simulation of Statistical
  Mechanical Systems},
  editor =      {C. Ciccotti and W.G. Hoover},
  year =	 1986,
  pages =        {151--188},
  publisher =    {North-Holland, Amsterdam}
}

@InProceedings{Rhines56,
  author = 	 {F.N. Rhines},
  title = 	 {Phase Diagrams in Metallurgy --- Their development and
                  application},
  booktitle =	 {Metallurgy and Metallurgical Engineering Series},
  editor =       {R.F. Mehl and M.B. Bever},
  year =	 1956,
  publisher =    {McGraw-Hill},
  address =      {New York}
}

@Article{PhysRevE.48.1897,
  title = {Phase-field and sharp-interface alloy models},
  author = {Caginalp, G.  and Xie, W. },
  journal = {Phys. Rev. E},
  volume = {48},
  number = {3},
  pages = {1897--1909},
  numpages = {12},
  year = {1993},
  month = {Sep},
  doi = {10.1103/PhysRevE.48.1897},
  publisher = {American Physical Society}
}

@Article{PhysRevLett.55.2471,
  title = {Unified Approach for Molecular Dynamics and Density-Functional Theory},
  author = {Car, R.  and Parrinello, M. },
  journal = {Phys. Rev. Lett.},
  volume = {55},
  number = {22},
  pages = {2471--2474},
  numpages = {3},
  year = {1985},
  month = {Nov},
  doi = {10.1103/PhysRevLett.55.2471},
  publisher = {American Physical Society}
}

@TechReport{Andersson02,
  title = {Time-stepping schemes for phase-field simulation of dendritic solidification},
  author = {C. Andersson},
  institution = {Stockholm University},
  number = {TRITA-NA-0216, ISSN 0348-2952},
  note = {\url{http://www.nada.kth.se/~christe/publications.html}},
  year = {2002}
}

@Article{BurmanJacotPicasso04,
  author = {E. Burman and  A. Jacot and M. Picasso}, 
  title = {Adaptive finite elements with high aspect ratio for the 
           computation of coalescence using a phase-field model}, 
  journal = {J. Comput. Phys.}, 
  volume = {195},
  number =1,
  year=2004, 
  pages={153-174}
} 

@Article{RosamJimackMullis07,
  author = {J. Rosam and P.K. Jimack and A. Mullis}, 
  title = {A fully implicit, fully adaptive time and space discretisation method for 
           phase-field simulation of binary alloy solidification}, 
  journal = {J. Comput. Phys.},
  volume= 225, 
  number=2,
  year=2007,
  pages ={1271--1287}
}

@article{ChenShen98,
  author = {Chen, L. Q.  and Shen, Jie  },
  doi = {http://dx.doi.org/10.1016/S0010-4655(97)00115-X},
  journal = {Comput. Phys. Comm.},
  keywords = {fourier-spectral, phase-field, semi-implicit},
  month = {February},
  number = {2-3},
  pages = {147--158},
  title = {Applications of semi-implicit Fourier-spectral method to phase field equations},
  volume = {108},
  year = {1998}
}

@article{HuangBrowneMcFadden06,
  author={Huang, C.-J. and Browne, D.J. and McFadden, S.},
  title={A Phase-Field Simulation of Austenite to Ferrite Transformation Kinetics in Low 
         Carbon Steels},
  journal={Acta Mater.}, 
  volume=54, 
  year=2006, 
  pages={11--21}
}

@article{KWC2000,
  author={Ryo Kobayashi and James A. Warren and W. Craig Carter}, 
  title={A continuum model of grain boundaries}, 
  journal={Physica D: Nonlinear Phenomena},
  volume= 140, 
  number={1-2},
  year=2000,
  pages ={141-150}
}

@article{SaSch86,
  author={Y. Saad and M. H. Schulz}, 
  title={{GMRES}: A generalized minimal residual algorithm for solving
  nonsymmetric linear systems}, 
  journal={SIAM J. Sci. Stat. Comput.},
  volume= 7, 
  year=1986,
  pages ={856-869}
}

@article{Fan02,
  author={D. Fan and S.P. Chen and L.-Q. Chen and P.W. Vorhees}, 
  title={Phase-field simulation of 2-{D} {O}stwald ripening in the high
  volume fraction regime}, 
  journal={Acta Materialia},
  volume= 50, 
  year=2002,
  pages ={1895-1907}
}

@article{At88,
  author={H. V. Atkinson}, 
  title={Theories of normal grain growth in pure single phase systems}, 
  journal={Acta Metall.},
  volume= 36, 
  number= 3,
  year=1988,
  pages ={469-491}
}

@Book{Atkins,
  title = {Atkins' Physical Chemistry},
  author = {Peter Atkins and Julio de Paula},
  note = {{ISBN} 0-19-879285-9},
  publisher = {Oxford University Press}
}

@article{TurchiPuGa,
  author={P. Turchi},
  title={{Plutonium-Gallium} {CALPHAD} Thermodynamics}
}
