@Book{BCP89,
  title = {Numerical Solution of Initial-Value Problems in
  Differential-Algebraic Equations},
  author = {K. E. Brenan and S. L. Campbell and L. R. Petzold},
  year = {1989},
  publisher = {Elsevier Science Publishing Co., Inc., New York}
}

@Article{PhysRevE.60.7186,
  title = {Phase-field model for binary alloys},
  author = {Kim, Seong Gyoon and Kim, Won Tae and Suzuki, Toshio },
  journal = {Phys. Rev. E},
  volume = {60},
  number = {6},
  pages = {7186--7197},
  numpages = {11},
  year = {1999},
  month = {Dec},
  publisher = {American Physical Society}
}

@Article{PhysRevA.45.7424,
  title = {Phase-field model for isothermal phase transitions in binary alloys},
  author = {A. A. Wheeler and W. J. Boettinger and G. B. McFadden},
  journal = {Phys. Rev. A},
  volume = {45},
  number = {10},
  pages = {7424--7439},
  numpages = {15},
  year = {1992},
  month = {May},
  publisher = {American Physical Society}
}

@Article{HuBaskesStanMitchell07,
  title = {Phase-field modeling of coring structure evolution in {Pu–Ga} alloys},
  author = {S.Y. Hu and M. Baskes and M. Stan and J. Mitchell},
  journal = {Acta Materialia},
  volume = {55},
  number = {11},
  year = {2007},
  pages = {3641--3648}
}

@article{0295-5075-71-1-131,
  author={T. Pusztai and G. Bortel and L. Gr\'{a}n\'{a}sy},
  title={Phase field theory of polycrystalline solidification in three dimensions},
  journal={EPL (Europhysics Letters)},
  volume={71},
  number={1},
  pages={131--137},
  year={2005}
}

@article{PBG2005,
  author={T. Pusztai and G. Bortel and L. Gr\'{a}n\'{a}sy},
  title={Phase field modeling of polycrystalline freezing},
  journal={Materials Science and Engineering A},
  volume={413--414},
  pages={412--417},
  year={2005}
}

@article{Pusztai2008,
  author={Pusztai, Tam\'{a}s and Tegze, Gy\"{o}rgy and T\'{o}th, Gyula I. and
          K\"{o}rnyei, L\'{a}szlo and Bansel, Gurvinder and Fan, Zhungyun and
          Gr\'{a}n\'{a}sy, L\'{a}szl\'{o}},
  title={Phase-field approach to polycrystalline solidification including
         heterogeneous and homogeneous nucleation},
  journal={Journal of Physics: Condensed Matter},
  volume={20},
  pages={404205},
  year={2008}
}

@article{Eich1993,
  author={E. Eich},
  title={Convergence results for a coordinate projection method
         applied to mechanical systems with algebraic constraints},
  journal={SIAM J. Numer. Anal.},
  volume={30},
  number={5},
  pages={1467--1482},
  year={1993}
}

@article{Warren2003,
  author = {Warren, James  A. and Kobayashi, Ryo and Lobkovsky, Alexander E. and Carter, W. Craig},
  citeulike-article-id = {2399058},
  journal = {Acta Materialia},
  month = {December},
  number = {20},
  pages = {6035--6058},
  title = {Extending phase field models of solidification to polycrystalline materials},
  volume = {51},
  year = {2003}
}

@Misc{Hypre,
  note={{https://computation.llnl.gov/casc/hypre/software.html}}
}

@Misc{Sundials,
  note={{https://computation.llnl.gov/casc/sundials/main.html}}
}

@Misc{CPODES,
  note ={{https://simtk.org/home/cpodes}}
}

@Misc{SAMRAI,
  note={{https://computation.llnl.gov/casc/SAMRAI}}
}

@Article{Chan99,
  title = {A nonlinear primal-dual method for total variation-based
  image restoration},
  author = {T. F. Chan and G. H. Golub and Pep Mulet},
  journal = {SIAM J. Sci. Comput.},
  volume = {20},
  number = {6},
  pages = {1964--1977},
  year = {1999}
}

@Article{Vogel96,
  title = {Iterative methods for total variation denoising},
  author = {C. R. Vogel and M. E. Oman},
  journal = {SIAM J. Sci. Comput.},
  volume = {17},
  pages = {227--238},
  year = {1996}
}

@Article{KoGi99,
  title = {Equations with Singular Diffusivity},
  author = {R. Kobayashi and Y. Giga},
  journal = {J. Stat. Phys.},
  volume = {95},
  number = {5/6},
  pages = {1187--1220},
  year = {1999}
}

@TechnicalReport{GiGi98,
  title = {Very singular diffusion equations},
  author = {M.-H. Giga and Y. Giga and R. Kobayashi},
  institution = {Hokkaido Univ. Preprint Ser. in Math., #461},
  date = {1999}
}

@Article{Wade71,
  author={W. Z. Wade},
  title={The self-diffusion of plutonium in a {Pu/1 wt\% Ga} alloy},
  journal = {Journal of Nuclear Materials},
  volume =38,
  number= 3,
  year=1971,
  pages ={292--302}
}

@Article{Edwards68,
  author={G. R. Edwards and R. E. Tate and E. A. Hakkila},
  title={Diffusion in stabilized delta plutonium, {I. Gallium}},
  journal={Journal of Nuclear Materials},
  volume =25,
  number= 3,
  year= 1968,
  pages ={304--309}
}

@Article{Hornung2006,
  title = {Managing complex data and geometry in parallel structured {AMR} applications},
  author = {R. D. Hornung and A. M. Wissink and S. R. Kohn},
  journal = {Engineering with Computers},
  volume = {22},
  number = {3--4},
  pages = {181--195},
  numpages = {15},
  year = {2006},
  month = {Dec},
  publisher = {Springer London}
}

@Article{Leo1998,
  title = {A diffuse interface model for microstructural evolution in elastically stressed solids},
  author = {P. H. Leo and J. S. Lowengrub and H. J. Jou},
  journal = {Acta Materialia},
  volume = {46},
  number = {6},
  pages = {2113--2130},
  year = {1998},
  publisher = {Elsevier Science Ltd.}
}

@Book{Allen87,
  author =	 {M.P. Allen and D.J. Tildesley},
  title = 	 {Computer Simulation of Liquids},
  publisher = 	 {Clarendon Press},
  year = 	 1987,
  address =	 {Oxford}
}

@Article{Parrinello80,
  title = {Crystal Structure and Pair Potentials: A Molecular Dynamics Study},
  author = {M. Parrinello and A. Rahman},
  journal = {Phys. Rev. Lett.},
  volume = {45},
  pages = {1196},
  year = {1980}
}

@Article{Muller07,
  title = {Analytic bond-order potential for bcc and fcc
  iron---comparison with established embedded-atom method potentials},
  author = {M. Muller and P. Erhart and K. Albe},
  journal = {J. Phys.: Condens. Matter},
  volume = {19},
  pages = {326220},
  year = {2007}
}

@Article{Amat07,
  title = {Coarse molecular dynamics determination of the onset of structural transitions: Melting of crystalline solids},
  author = {M.A. Amat and I.G. Kevrekidis and Dimitrios Maroudas},
  journal = {Phys. Rev. B},
  volume = {74},
  pages = {132201},
  year = {2007}
}

@Article{Khachaturyan01,
  title = {Three-dimensional phase field model of proper martensitic transformation},
  author = {A. Artemev and Y. Jin and A.G. Khachaturyan},
  journal = {Acta Mater.},
  volume = {49},
  pages = {1165--1177},
  year = {2001}
}

@Article{Lusk99,
  title = {A phase-field paradigm for grain growth and recrystallization},
  author = {M. T. Lusk},
  journal = {Proc. R. Soc. Lond. A},
  volume = {455},
  pages = {677--700},
  year = {1999}
}

@Article{Bray94,
  title = {Theory of phase-ordering kinetics},
  author = {A. J. Bray},
  journal = {Adv. Phys.},
  volume = {43},
  pages = {357--459},
  year = {1994}
}

@Article{Hohenberg77,
  title = {Theory of dynamic critical phenomena},
  author = {P. C. Hohenberg and B. I. Halperin},
  journal = {Rev. Mod. Phys.},
  volume = {49},
  pages = {435--479},
  year = {1977}
}

@InCollection{Gunton83,
	author = {J. D. Gunton and M. San Miguel and P. S. Sahni},
	title = {The dynamics of first-order phase transitions},
	booktitle = {Phase Transitions Vol. 8},
	editor = {C. Domb and J. L. Lebowitz},
	year = {1983},
	pages = {267--466},
	publisher = {Academic Press},
	address = {New York},
}

@InCollection{Langer86,
	author = {J. S. Langer},
	title = {Models of pattern formation in first-order phase transitions},
	booktitle = {Models of pattern formation in first-order phase transitions},
	editor = {G. Grinsteirn and G. Mazenko},
	year = {1986},
	pages = {165--186},
	publisher = {World Scientific},
	address = {Singapore},
}

@Article{Boettinger02,
  title = {Phase-field simulation of solidification},
  author = {W. J. Boettinger and J. A. Warren and C. Beckermann and A. Karma},
  journal = {Annu. Rev. Mater. Res.},
  volume = {32},
  pages = {163--194},
  year = {2002}
}

@Article{Ginzburg54,
  title = {On the theory of superconductivity},
  author = {V. L. Ginzburg and L. D. Landau},
  journal = {Dokl. Akad. Nauk SSSR},
  volume = {469},
  pages = {469},
  year = {1954}
}

@Article{Chen02,
  title = {Phase-field models for microstructure evolution},
  author = {L.-Q. Chen},
  journal = {Ann. Rev. Mater. Res.},
  volume = {32},
  pages = {113--140},
  year = {2002}
}

@Article{CahnHilliard58,
  title = {Free energy of a nonuniform system. I. {I}nterfacial energy},
  author = {J. W. Cahn and J. E. Hilliard},
  journal = {J. Chem. Phys.},
  volume = {28},
  number = {2},
  pages = {258--267},
  year = {1958}
}

@Article{AllenCahn79,
  title = {A microscopic theory for antiphase boundary motion and its
  application to antiphase domain coarsening},
  author = {S. M. Allen and J. W. Cahn},
  journal = {Acta Metallurgica.},
  volume = {27},
  pages = {1085--1095},
  year = {1979}
}

@Article{Hoyt99,
  title = {Kinetic phase field parameters for the Cu-Ni system derived
  from atomistic computations},
  author = {J. J. Hoyt and B. Sadigh and M. Asta and S. M. Foiles},
  journal = {Acta Mater.},
  volume = {47},
  number = {11},
  pages = {3181--3187},
  year = {1999}
}

@article{KeGeHyKeRuTh03,
  author={I. G. Kevrekidis and C. W. Gear and J. M. Hyman and
  P. G. Kevrikidis and O. Runborg and K. Theodoropoulos},
  title={Equation-Free Coarse-Grained Multiscale Computation: Enabling
  Microscopic Simulators to Perform System-Level Tasks},
  journal={Comm. Math. Sciences},
  volume={1},
  number={4},
  pages={715-},
  year={2003}
}


@article{KeGeHu04,
  author={I. G. Kevrekidis and C. W. Gear and G. Hummer},
  title={Equation-Free: The Computer-Aided Analysis of Complex Multiscale Systems},
  journal={AIChI Journal},
  volume={50},
  number={7},
  pages={1346--1355},
  year={2004}
}

@Misc{BlueGene,
  note =	 {\url{asc.llnl.gov/computing\_resources/bluegenel/}}
}

@Article{ber-bar-kna-08a,
  author = 	 {Joel V. Bernier and Nathan R. Barton and Jaroslaw Knap},
  title = 	 {Polycrystal plasticity based predictions of strain localization in metal forming},
  journal = 	 jemt,
  year = 	 2008,
  volume =	 130,
  number =	 2,
  pages =	 021020,
  annote =	 {DOI: 10.1115/1.2884331
              UCRL-JRNL-233796}
}

@Article{pppf_ijp,
  author = 	 {Nathan R. Barton and Jaroslaw Knap and Athanasios Arsenlis and Richard Becker and Richard D. Hornung and David R. Jefferson},
  title = 	 {Embedded polycrystal plasticity and adaptive sampling},
  journal = 	 ijp,
  year =	 2008,
  volume =	 24,
  number =	 2,
  pages =	 {242--266},
  url =          {\urlhttp://dx.doi.org/10.1016/j.ijplas.2007.03.004}},
  annote =       {UCRL-JRNL-226715}
}

@Article{mkri,
  author = 	 {J. Knap and N. R. Barton and R. D. Hornung and A. Arsenlis and R. Becker and D. R. Jefferson},
  title = 	 {Adaptive sampling in hierarchical simulation},
  journal = 	 ijnme,
  year = 	 2008,
  note =	 {In press}
}

@Article{cmame_ISAT,
  author = 	 {A. Arsenlis and N. R. Barton and R. Becker and R. E. Rudd},
  title = 	 {Generalized \textit{in situ} adaptive tabulation for constitutive model evaluation in plasticity},
  journal = 	 cmame,
  year = 	 2006,
  volume =	 196,
  pages =	 {1--13},
  url = {\url{http://dx.doi.org/10.1016/j.cma.2005.10.031}}
}

@Article{pop-97a,
  author = 	 {S. B. Pope},
  title = 	 {Computationally efficient implementation of combustion chemistry using {\em in situ} adaptive tabulation},
  journal = 	 ctm,
  year = 	 1997,
  volume =	 1,
  pages =	 {41--63}
}

@Article{sin-pop-04a,
  author = 	 {M. A. Singer and S. B. Pope},
  title = 	 {Exploiting {ISAT} to solve the reaction-diffusion equation},
  journal = 	 ctm,
  year = 	 2004,
  volume =	 8,
  number =	 2,
  pages =	 {361--383}
}

@Misc{oascr_pimtg_2008,
  author =	 {N. R. Barton},
  title =	 {Novel Algorithms in Computational Materials Science: {Enabling} Adaptive Sampling},
  howpublished = {Presented at the ASCR PI Meeting, US DOE Office of Science HPCSW},
  month =	 apr,
  year =	 2008
}

@TechReport{babel_usersguide,
  author = 	 {Tamara Dahlgren and Thomas Epperly and Gary Kumfert and James Leek},
  title = 	 {Babel Users' Guide},
  institution =  {Lawrence Livermore National Laboratory},
  year = 	 2006,
  number =	 {UCRL-SM-205559},
  url    =       {\url{http://www.llnl.gov/CASC/components/docs.html}}
}

@TechReport{Hoyt2001,
  author = 	 {J. J. Hoyt and M. Asta and A. Karma},
  title = 	 {Linking atomistic simulations with phase field
  modeling of solidification},
  institution =  {Sandia National Laboratories},
  year = 	 2001,
  number =	 {SAND2001-3626},
  url    =       {\url{http://www.osti.gov/bridge/purl.cover.jsp?purl=/791896-DbwkgP/native/}}
}

@article{babel_scidac-06a,
  author = {Gary Kumfert and David E. Bernholdt and Thomas Epperly and James Kohl and Lois Curfman McInnes and Steven Parker and Jaideep Ray},
  title={How the common component architecture advances computational science},
  journal={Journal of Physics: Conference Series},
  volume={46},
  pages={479--493},
  url={\url{http://stacks.iop.org/1742-6596/46/479}},
  year={2006},
  abstract={Computational chemists are using Common Component Architecture (CCA) technology to increase the parallel scalability of their application ten-fold. Combustion researchers are publishing science faster because the CCA manages software complexity for them. Both the solver and meshing communities in SciDAC are converging on community interface standards as a direct response to the novel level of interoperability that CCA presents. Yet, there is much more to do before component technology becomes mainstream computational science. This paper highlights the impact that the CCA has made on scientific applications, conveys some lessons learned from five years of the SciDAC program, and previews where applications could go with the additional capabilities that the CCA has planned for SciDAC 2. }
}

@InProceedings{kum-lee-epp-07a,
  author = 	 {G. Kumfert and J. Leek and T. Epperly},
  title = 	 {Babel remote method invocation},
  booktitle =	 {IEEE Int. Parallel and Distributed Processing Symp.},
  year =	 2007,
  month =	 {March}
}

@Book{wackernagel98,
  author =	 {Wackernagel, H.},
  title = 	 {Multivariate Geostatistics; An Introduction with Applications},
  publisher = 	 {Springer},
  year = 	 1998,
  address =	 {Berlin},
  edition =	 {2nd Edition}
}

@Book{isaaks89,
  author =	 {Isaaks, E. and Srivastava, R.~M.},
  title = 	 {An Introduction to Applied Geostatistics},
  publisher = 	 {Oxford University Press},
  year = 	 1989,
  address =	 {New York}
}

@Article{sacks89,
  author = 	 {Sacks, J. and Welch, W.~J. and Mitchell, T.~J. and Wynn, H.~P.},
  title = 	 {Design and Analysis of Computer Experiments},
  journal = 	 statsci,
  year = 	 1989,
  volume =	 4,
  number =	 4,
  pages =	 {409--423}
}

@Article{morris93,
  author = 	 {Morris, M.~D. and Mitchell, T.~J. and Ylvisaker, D.},
  title = 	 {Bayesian Design and Analysis of Computer Experiments: Use of Derivatives in Surface prediction},
  journal = 	 techmet,
  year = 	 1993,
  volume =	 35,
  number =	 3,
  pages =	 {243--255}
}

@InProceedings{chung02,
  author = 	 {Chung, H.~S. and Alonso, J.~J.},
  title = 	 {Using Gradients to Construct Cokriging Approximation Models for High-Dimensional Design Optimization Problems},
  booktitle = 	 {AIAA 40th Aerospace Sciences Meeting and Exhibit},
  year =	 2002,
  address =	 {Reno, NV},
  month =	 {January 14--17,}
}

@Article{yang05,
  author = 	 {Yang, R.~J. and Wang, N. and Tho, C.~H. and Bobineau, J.~P.},
  title = 	 {Metamodeling development for vehicle frontal impact simulation},
  journal = 	 {ASME~J.~Mech.~Des. },
  year = 	 2005,
  volume =	 127,
  number =	 5,
  pages =	 {1014--1020}
}

@Article{ver93,
  author = 	 {Ver Hoef, J.~M. and Cressie, N.~A.~C.},
  title = 	 {Multivariable spatial prediction},
  journal = 	 {Math. Geology},
  year = 	 1993,
  volume =	 25,
  number =	 2,
  pages =	 {219--240}
}

@Book{cressie93,
  author =	 {Cressie, N.~A.~C.},
  title = 	 {Statistics for Spatial Data},
  publisher = 	 {Wiley},
  year = 	 1993,
  address =	 {New York},
  edition =	 {Revised}
}

@Article{gu03,
  author = 	 {Gu, L.},
  title = 	 {Moving kriging interpolation and element-free Galerkin methods},
  journal = 	 ijnme,
  year = 	 2003,
  volume =	 56,
  number =	 1,
  pages =	 {1--11}
}

@Book{bojanov93,
  author =	 {Bojanov, B.~D. and Hakopian, H.~A. and Saakian, A.~A},
  title = 	 {Spline Functions and Multivariate Interpolations},
  publisher = 	 {Kluwer Academic Publishers},
  year = 	 1993,
  address =      {Dordrecht},
  month =	 {May}
}

@InCollection{alfeld89,
 author = {Alfeld, P.},
 title = {Scattered data interpolation in three or more variables},
 booktitle = {Mathematical methods in computer aided geometric design},
 year = {1989},
 isbn = {0-12-460515-X},
 pages = {1--33},
 publisher = {Academic Press Professional, Inc.},
 address = {San Diego, CA, USA},
 }


@Article{gasca00a,
  author = 	 {Gasca, M. and Sauer, T.},
  title = 	 {On the history of multivariate polynomial interpolation},
  journal = 	 j-comp-ap-m,
  year = 	 {2000},
  volume =	 {122},
  number =       {1--2},
  pages =	 {23--35}
}


@Article{gasca00b,
  author = 	 {Gasca, M. and Sauer, T.},
  title = 	 {Polynomial interpolation in several variables},
  journal = 	 acm,
  year = 	 2000,
  volume =	 12,
  number =	 4,
  pages =	 {377--410}
}

@article {Gaede98,
   author  = "V. Gaede and O. Gunther",
   title   = "Multidimensional Access Methods",
   journal = "ACM Computing Surveys",
   volume  = 30,
   number  = 2,
   year    = 1998,
   pages   = "170--231"
}

@article {Bohm01,
   author  = "C. Bohm and S. Berchtold and D. Keim",
   title   = "Searching in High-Dimensional Spaces -- Index Structures for Improving the Performance of Multimedia Databases",
   journal = "ACM Computing Surveys",
   volume  = 33,
   number  = 3,
   year    = 2001,
   pages   = "322--373"
}

@article {Streitz2006,
   author  = "F. H. Streitz and J. N. Glosli and M. V. Patel",
   title   = "Beyond finite-size scaling in solidification simulations",
   journal = "Phys. Rev. Letters",
   volume  = 96,
   number  = 22,
   year    = 2006,
   pages   = "225701/1--4",
   publisher = "American Physical Society"
}

@InProceedings{Streitz2005,
  author = 	 {F. H. Streitz and J. N. Glosli and M. V. Patel and B. Chan and R. K. Yates and B.R. de Supinski and J. Sexton and J. A. Gunnels},
  title = 	 {100+ TFlop Solidification Simulations on BlueGene/L},
  booktitle =	 {Proceeding of the 2005 ACM/IEEE Conference on Supercomputing},
  year =	 2005
}

@InProceedings{Streitz2007,
  author = 	 {J. N. Glosli and K. J. Caspersen and J. A. Gunnels
  and D. F. Richards and R. E. Rudd and F. H. Streitz},
  title = 	 {Extending Stability Beyond CPU Millennium: A
  Micron-Scale Atomistic Simulation of Kelvin-Helmholtz Instability},
  booktitle =	 {Proceeding of the 2007 ACM/IEEE Conference on Supercomputing},
  year =	 2007
}

@InProceedings{Frenkel86,
  author = 	 {D. Frenkel},
  title = 	 {Free-Energy Computation and First-Order Phase Transitions},
  booktitle =	 {Molecular-Dynamics Simulation of Statistical
  Mechanical Systems},
  editor =      {C. Ciccotti and W.G. Hoover},
  year =	 1986,
  pages =        {151--188},
  publisher =    {North-Holland, Amsterdam}
}

@InProceedings{Rhines56,
  author = 	 {F.N. Rhines},
  title = 	 {Phase Diagrams in Metallurgy --- Their development and
                  application},
  booktitle =	 {Metallurgy and Metallurgical Engineering Series},
  editor =       {R.F. Mehl and M.B. Bever},
  year =	 1956,
  publisher =    {McGraw-Hill},
  address =      {New York}
}

@Article{PhysRevE.48.1897,
  title = {Phase-field and sharp-interface alloy models},
  author = {Caginalp, G.  and Xie, W. },
  journal = {Phys. Rev. E},
  volume = {48},
  number = {3},
  pages = {1897--1909},
  numpages = {12},
  year = {1993},
  month = {Sep},
  publisher = {American Physical Society}
}

@Article{PhysRevLett.55.2471,
  title = {Unified Approach for Molecular Dynamics and Density-Functional Theory},
  author = {Car, R.  and Parrinello, M. },
  journal = {Phys. Rev. Lett.},
  volume = {55},
  number = {22},
  pages = {2471--2474},
  numpages = {3},
  year = {1985},
  month = {Nov},
  publisher = {American Physical Society}
}

@TechReport{Andersson02,
  title = {Time-stepping schemes for phase-field simulation of dendritic solidification},
  author = {C. Andersson},
  institution = {Stockholm University},
  number = {TRITA-NA-0216, ISSN 0348-2952},
  note = {\url{http://www.nada.kth.se/~christe/publications.html}},
  year = {2002}
}

@Article{BurmanJacotPicasso04,
  author = {E. Burman and  A. Jacot and M. Picasso},
  title = {Adaptive finite elements with high aspect ratio for the
           computation of coalescence using a phase-field model},
  journal = {J. Comput. Phys.},
  volume = {195},
  number =1,
  year=2004,
  pages={153--174}
}

@Article{RosamJimackMullis07,
  author = {J. Rosam and P.K. Jimack and A. Mullis},
  title = {A fully implicit, fully adaptive time and space discretisation method for
           phase-field simulation of binary alloy solidification},
  journal = {J. Comput. Phys.},
  volume= 225,
  number=2,
  year=2007,
  pages ={1271--1287}
}

@article{ChenShen98,
  author = {Chen, L. Q.  and Shen, Jie  },
  journal = {Comput. Phys. Comm.},
  keywords = {fourier-spectral, phase-field, semi-implicit},
  month = {February},
  number = {2-3},
  pages = {147--158},
  title = {Applications of semi-implicit Fourier-spectral method to phase field equations},
  volume = {108},
  year = {1998}
}

@article{HuangBrowneMcFadden06,
  author={Huang, C.-J. and Browne, D.J. and McFadden, S.},
  title={A Phase-Field Simulation of Austenite to Ferrite Transformation Kinetics in Low
         Carbon Steels},
  journal={Acta Mater.},
  volume=54,
  year=2006,
  pages={11--21}
}

@article{KWC2000,
  author={Ryo Kobayashi and James A. Warren and W. Craig Carter},
  title={A continuum model of grain boundaries},
  journal={Physica D: Nonlinear Phenomena},
  volume= 140,
  number={1-2},
  year=2000,
  pages ={141--150}
}

@article{KW2005,
  author={Ryo Kobayashi and James A. Warren},
  title={Modeling the formation and dynamics of polycrystals in 3{D}},
  journal={Physica A: Statistical Mechanics and its Applications},
  volume= 356,
  year=2005,
  pages ={127--132}
}

@article{SaSch86,
  author={Y. Saad and M. H. Schulz},
  title={{GMRES}: A generalized minimal residual algorithm for solving
  nonsymmetric linear systems},
  journal={SIAM J. Sci. Stat. Comput.},
  volume= 7,
  year=1986,
  pages ={856--869}
}

@article{Fan02,
  author={D. Fan and S.P. Chen and L.-Q. Chen and P.W. Vorhees},
  title={Phase-field simulation of 2-{D} {O}stwald ripening in the high
  volume fraction regime},
  journal={Acta Materialia},
  volume= 50,
  year=2002,
  pages ={1895--1907}
}

@article{At88,
  author={H. V. Atkinson},
  title={Theories of normal grain growth in pure single phase systems},
  journal={Acta Metall.},
  volume= 36,
  number= 3,
  year=1988,
  pages ={469--491}
}

@Book{Atkins,
  title = {Atkins' Physical Chemistry},
  author = {Peter Atkins and Julio de Paula},
  note = {{ISBN} 0-19-879285-9},
  publisher = {Oxford University Press}
}

@article{TurchiPuGa,
  author={P. Turchi},
  title={{Plutonium-Gallium} {CALPHAD} Thermodynamics}
}

@book{LaiRubinKrempl,
    author={W.M. Lai and D. Rubin and E. Krempl},
    title={Introduction to Continuum Mechanics},
    publisher={Pergamon Press},
    address={Tarrytown, N.Y.},
    year={1993}
}

@article{HBSMZC07,
  author={S. Y. Hu and M. I. Baskes and M. Stan and J. Mitchell and J.X. Zhang and L.Q. Chen},
  title={Effect of Elastic Anisotropy and Inhomogeneity on Coring Structure Evolution in
         {Pu-Ga} Alloys - Phase-field modeling},
  journal={J. of Comp. Aided Mater. Design},
  volume=14,
  pages={389--402},
  year=2007
}

@article{MT1,
  author={Ming Tang},
  title={Adding Elasticity to Quaternion Based Crystallographic Phase-Field
         Model}
}

@article{Yu200534,
title = "An iterative-perturbation scheme for treating inhomogeneous elasticity in phase-field models",
journal = "Journal of Computational Physics",
volume = "208",
number = "1",
pages = "34 - 50",
year = "2005",
author = "P. Yu and S.Y. Hu and L.Q. Chen and Q. Du",
}

@article{ ISI:000169312500001,
Author = {Hu, SY and Chen, LQ},
Title = {{A phase-field model for evolving microstructures with strong elastic
   inhomogeneity}},
Journal = {ACTA MATERIALIA},
Year = {2001},
Volume = {{49}},
Number = {{11}},
Pages = {{1879-1890}}
}

@article{ AnderssonAgrenJAP1992,
Author = {Andersson, J.-O. and Agren, J.},
Title = {MODELS FOR NUMERICAL TREATMENT OF MULTICOMPONENT DIFFUSION IN SIMPLE
   PHASES},
Year = {{1992}},
Volume = {{72}},
Number = {{4}},
Pages = {{1350-1355}},
Abstract = {{A general formalism for multicomponent diffusion in simple phases is
   presented in some detail. The formalism is mainly based on previous
   work by various authors. The purpose of the present work is to develop
   the formalism to such an extent that it is suitable for implementation
   on a computer. Expressions for the multicomponent diffusion-coefficient
   matrix is given. The concentration dependence of the kinetic
   coefficients is discussed in terms of simple models.}},
Type = {{Article}},
Affiliation = {{ANDERSSON, JO (Reprint Author), ROYAL INST TECHNOL,DIV PHYS MET,S-10044 STOCKHOLM 70,SWEDEN.}},
ISSN = {{0021-8979}},
Keywords-Plus = {{SUB-LATTICES; COMPONENTS}},
Subject-Category = {{Physics, Applied}},
Journal = {{J. Appl. Phys.}},
Doc-Delivery-Number = {{JJ226}},
Unique-ID = {{ISI:A1992JJ22600021}},
}

@article{ EikenBoettgerSteinbachPRE2006,
Author = {Eiken, J. and B\"{o}ttger, B. and Steinbach, I.},
Title = {{Multiphase-field approach for multicomponent alloys with extrapolation
   scheme for numerical application}},
Year = {{2006}},
Volume = {{73}},
Number = {{6}},
pages = {{066122}},
ISSN = {{1539-3755}},
Keywords-Plus = {{BINARY-ALLOYS; MODEL; SOLIDIFICATION}},
Subject-Category = {{Physics, Fluids \& Plasmas; Physics, Mathematical}},
Journal = {{Phys. Rev. E}},
Unique-ID = {{ISI:000238694200040}}
}

@article{ MoelansReview2008,
Author = {Moelans, Nele and Blanpain, Bart and Wollants, Patrick},
Title = {{An introduction to phase-field modeling of microstructure evolution}},
Year = {{2008}},
Volume = {{32}},
Number = {{2}},
Pages = {{268-294}},
Type = {{Review}},
ISSN = {{0364-5916}},
Keywords = {{phase-field modeling; microstructure; nonequilibrium thermodynamics;
   kinetics; simulation}},
Subject-Category = {{Thermodynamics; Chemistry, Physical}},
Journal = {{CALPHAD}},
Unique-ID = {{ISI:000257617200007}}
}

@article{JCP2010,
 author = {Dorr, M. R. and Fattebert, J. -L. and Wickett, M. E. and Belak, J. F. and Turchi, P. E. A.},
 title = {A numerical algorithm for the solution of a phase-field model of polycrystalline materials},
 journal = {J. Comput. Phys.},
 volume = {229},
 issue = {3},
 month = {February},
 year = {2010},
 issn = {0021-9991},
 pages = {626--641},
 numpages = {16},
 acmid = {1660334},
 keywords = {35Q99, 65F10, 65H10, 65M06, 65M12, 65M20, 65Z05, Method of lines, Newton-Krylov methods, Phase-field model, Polycrystalline microstructure},
}

@Misc{thermocalc,
 note={{http://www.thermocalc.com}}
}

@article{u.grafe20002,
author = {U. Grafe and B. B\"{o}ttger and J. Tiaden and S. G. Fries},
title = {Coupling of multicomponent thermodynamic databases to a phase field model:
         application to solidification and solid state transformations of superalloys },
journal = {Scripta Materialia},
volume = {42},
year = {2000},
pages = {1179--1186}
}

@article{WangLiuLiuJin2007,
title = "Assessment of the diffusional mobilities in the face-centred cubic {Au-Ni} alloys",
journal = "CALPHAD",
volume = "31",
number = "2",
pages = "249 - 255",
year = "2007",
author = "J. Wang and L.~B. Liu and H.~S. Liu and Z.~P. Jin"
}

@article{ Plapp2011,
Author = {Plapp, Mathis},
Title = {{Unified derivation of phase-field models for alloy solidification from a
   grand-potential functional}},
Year = {{2011}},
Volume = {{84}},
Number = {{3}},
pages = {{031601}},
ISSN = {{1539-3755}},
Journal = {{Phys. Rev. E}},
Unique-ID = {{ISI:000294569000002}},
}


@InProceedings{ Rhines1956,
author="F. N. Rhines",
title="Phase diagrams in metallurgy - Their development and applications",
booktitle="Metallurgy and Metallurgical Engineering series",
editor="R. F. Mehl and M. B. Bever",
publisher="McGraw-Hill Book Company",
address="New York",
year="1956"
}

@article{ HarveyRobbinsWheeler75,
author="M. R. Harvey and J. L. Robbins and A. D. Wheeler",
title="Homogenization of plutonium-1 wt\% gallium alloys",
journal="Micron",
volume=5,
pages="417-425",
year="1975"
}

@article{ MitchellGibbsZoccoPereyra2001,
author="J. N. Mitchell, F. E. Gibbs, T. G. Zocco, and R. A. Pereyra",
title="Modeling of structural and compositional homogenization of
       plutonium-1 weight percent gallium alloys",
journal="Metall. And Mater. Trans. A",
number=32,
pages="649-659",
year=2001
}

@article{MitchellStanSchwartzBoehlert2004,
author="J. N. Mitchell and M. Stan and D. S. Schwartz and C. J. Boehlert",
title="Phase stability and phase transformation in plutonium and plutonium
       gallium alloys",
journal="Metall. And Mater. Trans. A",
number=35,
pages="2267-2278",
year=2004
}


@InProceedings{SaundersMiodownik1998,
author="N. Saunders and A. P. Miodownik",
title="{CALPHAD}, Calculation of Phase Diagrams: A Comprehensive Guide",
booktitle="Pergamon Materials Series",
volume=1,
editors="R W. Cahn",
publisher="Pergamon Press",
address="Oxford",
year=1998
}

@InProceedings{Miodownik1994,
author="A. P. Miodownik",
title="Phenomenological calculations of phase equilibria: the {CALPHAD} approach",
series="NATO-ASI Proceedings, Series B: Physics",
volume=319,
editors="P. E. A. Turchi and A. Gonis",
publisher="Plenum Press",
address="New York",
year=1994,
pages="45-79"
}

@article{MRS1999,
author="P. J. Spencer",
journal="MRS Bulletin",
volume=24,
number=4,
year=1999,
title="Computer Simulations from Thermodynamic Data: Materials Production and Development",
pages="18"
}

@book{KaufmanBernstein1970,
author="L. Kaufman and H. Bernstein",
title="Computer Calculation of Phase Diagrams with Special Reference to Refractory Metals",
publisher="Academic Press",
address="New York",
year=1970
}

@book{CALPHAD2002,
title="{CALPHAD} and Alloy Thermodynamics",
editor="P. E. A. Turchi and A. Gonis and R. D. Shull",
series="TMS Publication",
address="Warrendale, PA",
publisher="TMS",
year=2002
}


@article{AnsaraSundman1987,
author="I. Ansara and B. Sundman",
title="{The Scientific Group Thermodata Europe}",
editor="P. S. Glaeser",
journal="Computer Handling and Dissemination of Data",
publisher="Elsevier Science Pub. Co.",
year=1987
}

@article{Dinsdale1991,
author="A. Dinsdale",
title="{SGTE} Database for Pure Elements",
journal="CALPHAD",
volume=15,
pages="317-425",
year=1991
}

@article{RedlichKister1948,
author="O. Redlich and A. Kister",
title="Algebraic representation of the thermodynamic properties and the classification of
       solutions",
journal="Ind. Eng. Chem.",
volume=40,
pages="345-348",
year=1948
}


@article{MuggianuGambinoBros1975,
author="Y. M. Muggianu and M. Gambino and J. P. Bros",
title="Enthalpies de formation des alliages liquides bismuth-etain-gallium \`a 723 {K}.
       {C}hoix d'une repr\'esentation analytique des grandeurs d'exc\`es int\'egrales et
       partielles de m\'elange",
journal="J. Chem. Phys.",
volume= 22,
pages="83-88",
year=1975
}

@article{SundmanJanssonAndersson1985,
author="B. Sundman and B. Jansson and J.-O. Andersson",
title="The Thermo-Calc Databank System",
journal="CALPHAD",
number=4,
volume= 9,
pages=153,
year= 1985
}

@article{ AnderssonHelanderHoglundShiSundman2002,
author="J.-O. Andersson and T. Helander and L. Hoglund and Pingfang Shi and B. Sundman",
title="{THERMO-CALC \& DICTRA}, computational tools for materials science",
journal="CALPHAD",
volume= 26,
number=2,
pages="273-312",
year=2002
}

@article{EngstromHoglundAgren1994,
author={A. Engstr\"{o}m and L. H\"{o}glund and J. {\AA}gren},
title="Computer simulations of diffusion in multiphase systems",
journal="Metall. Mater. Trans. A",
volume=25,
pages="1127-1134",
year=1994
}

@article{BorgenstamEngstromHoglundAgren2000,
author={A. Borgenstam and A. Engstr\"{o}m and L. H\"{o}glund and J. Agren},
title="{DICTRA}, a tool for simulation of diffusional transformations in alloys",
journal="J. of Phase Equil.",
volume=21,
number=3,
pages="269-280",
year=2000
}

@article{WangLuSundmanSu2005,
author="J. Wang and X.-G. Lu and Bo Sundman and X. Su",
title="Thermodynamic assessment of the {Au-Ni} system",
journal="CALPHAD",
volume=29,
number=4,
pages="263-268",
year=2005
}

@article{LiuLongWangDuHuang2006,
author="Yong Liu and Zhengyi Long and Haibing Wang and Yong Du and Baiyun Huang",
title="A predictive equation for solute diffusivity in liquid metals",
journal="Scripta Mater.",
number=55,
pages="367-370",
year=2006
}

@article{ZhuLiuVaithyanathanChen2002,
author="J. Z. Zhu and Z. K. Liu and V. Vaithyanathan and L. Q. Chen",
title="Linking phase-field model to {CALPHAD}: application to precipitate shape evolution in {Ni}-base alloys",
journal="Scr. Mater.",
volume=46,
year=2002,
pages="401--406"
}

@article{Steinbach2007,
    author = {Steinbach, I. and B\"{o}ttger, B. and Eiken, J. and Warnken, N. and Fries, S. G.},
    issn = {1547-7037},
    journal = {Journal of Phase Equilibria and Diffusion},
    number = {1},
    pages = {101--106},
    publisher = {Springer Boston},
    title = {{CALPHAD} and {Phase-Field} Modeling: A Successful Liaison},
    volume = {28},
    year = {2007}
}

@article{ChenMaWuWang2004,
title="Quantitative phase field modeling of diffusion-controlled
precipitate growth and dissolution in {Ti–Al–V}",
author="Qing Chen and Ning Ma and Kaisheng Wu and Yunzhi Wang",
journal="Scripta Materiala",
year=2004,
volume=50,
pages="471--476"
}

@article{ QinWallachThomson2005,
Author = {Qin, RS and Wallach, ER and Thomson, RC},
Title = {{A phase-field model for the solidification of multicomponent and
   multiphase alloys}},
Year = {{2005}},
Volume = {{279}},
Number = {{1-2}},
Pages = {{163-169}},
Journal = {{J. Cryst. Growth}}
}
